@article{cazals2008note,
  title={A note on the problem of reporting maximal cliques},
  author={Cazals, Fr{\'e}d{\'e}ric and Karande, Chinmay},
  journal={Theoretical Computer Science},
  volume={407},
  number={1},
  pages={564--568},
  year={2008},
  publisher={Elsevier}
}

@book{lidwell2010universal,
  title={Universal principles of design, revised and updated: 125 ways to enhance usability, influence perception, increase appeal, make better design decisions, and teach through design},
  author={Lidwell, William and Holden, Kritina and Butler, Jill},
  year={2010},
  publisher={Rockport Pub}
}

@inproceedings{moreno2014easy,
  title={Easy web search results clustering: When baselines can reach state-of-the-art algorithms},
  author={Moreno, Jose G and Dias, Ga{\"e}l},
  booktitle={14th Conference of the European Chapter of the Association for Computational Linguistics},
  year={2014}
}

@inproceedings{carpineto2010optimal,
  title={Optimal meta search results clustering},
  author={Carpineto, Claudio and Romano, Giovanni},
  booktitle={Proceedings of the 33rd international ACM SIGIR conference on Research and development in information retrieval},
  pages={170--177},
  year={2010},
  organization={ACM}
}

@inproceedings{zhang2004semantic,
  title={Semantic, hierarchical, online clustering of web search results},
  author={Zhang, Dell and Dong, Yisheng},
  booktitle={Asia-Pacific Web Conference},
  pages={69--78},
  year={2004},
  organization={Springer}
}

@inproceedings{zeng2004learning,
  title={Learning to cluster web search results},
  author={Zeng, Hua-Jun and He, Qi-Cai and Chen, Zheng and Ma, Wei-Ying and Ma, Jinwen},
  booktitle={Proceedings of the 27th annual international ACM SIGIR conference on Research and development in information retrieval},
  pages={210--217},
  year={2004},
  organization={ACM}
}


@article{mecca2007new,
  title={A new algorithm for clustering search results},
  author={Mecca, Giansalvatore and Raunich, Salvatore and Pappalardo, Alessandro},
  journal={Data \& Knowledge Engineering},
  volume={62},
  number={3},
  pages={504--522},
  year={2007},
  publisher={Elsevier}
}

@inproceedings{fung2003hierarchical,
  title={Hierarchical document clustering using frequent itemsets.},
  author={Fung, Benjamin CM and Wang, Ke and Ester, Martin},
  booktitle={SDM},
  volume={3},
  pages={59--70},
  year={2003},
  organization={SIAM}
}

@inproceedings{scaiella2012topical,
  title={Topical clustering of search results},
  author={Scaiella, Ugo and Ferragina, Paolo and Marino, Andrea and Ciaramita, Massimiliano},
  booktitle={Proceedings of the fifth ACM international conference on Web search and data mining},
  pages={223--232},
  year={2012},
  organization={ACM}
}


@inproceedings{beil2002frequent,
  title={Frequent term-based text clustering},
  author={Beil, Florian and Ester, Martin and Xu, Xiaowei},
  booktitle={Proceedings of the eighth ACM SIGKDD international conference on Knowledge discovery and data mining},
  pages={436--442},
  year={2002},
  organization={ACM}
}


@article{li2008text,
  title={Text document clustering based on frequent word meaning sequences},
  author={Li, Yanjun and Chung, Soon M and Holt, John D},
  journal={Data \& Knowledge Engineering},
  volume={64},
  number={1},
  pages={381--404},
  year={2008},
  publisher={Elsevier}
}

@inproceedings{biemann2006chinese,
  title={Chinese whispers: an efficient graph clustering algorithm and its application to natural language processing problems},
  author={Biemann, Chris},
  booktitle={Proceedings of the first workshop on graph based methods for natural language processing},
  pages={73--80},
  year={2006},
  organization={Association for Computational Linguistics}
}

@article{di2013clustering,
  title={Clustering and diversifying web search results with graph-based word sense induction},
  author={Di Marco, Antonio and Navigli, Roberto},
  journal={Computational Linguistics},
  volume={39},
  number={3},
  pages={709--754},
  year={2013},
  publisher={MIT Press}
}

@article{di2013clustering,
  title={Clustering and diversifying web search results with graph-based word sense induction},
  author={Di Marco, Antonio and Navigli, Roberto},
  journal={Computational Linguistics},
  volume={39},
  number={3},
  pages={709--754},
  year={2013},
  publisher={MIT Press}
}


@article{veronis2004hyperlex,
  title={Hyperlex: lexical cartography for information retrieval},
  author={V{\'e}ronis, Jean},
  journal={Computer Speech \& Language},
  volume={18},
  number={3},
  pages={223--252},
  year={2004},
  publisher={Elsevier}
}

@inproceedings{acharya2014multi,
  title={Multi-Objective Search Results Clustering},
  author={Acharya, Sudipta and Saha, Sriparna and Moreno, Jos{\'e} and Dias, Ga{\"e}l},
  booktitle={25th International Conference on Computational Linguistics (COLING 2014)},
  pages={99--108},
  year={2014}
}

@article{cobos2014clustering,
  title={Clustering of web search results based on the cuckoo search algorithm and Balanced Bayesian Information Criterion},
  author={Cobos, Carlos and Mu{\~n}oz-Collazos, Henry and Urbano-Mu{\~n}oz, Richar and Mendoza, Martha and Le{\'o}n, Elizabeth and Herrera-Viedma, Enrique},
  journal={Information Sciences},
  volume={281},
  pages={248--264},
  year={2014},
  publisher={Elsevier}
}

@article{kozlowskiweb,
  title={Web Search Result Clustering with BabelNet},
  author={Kozlowski, Marek and Kazula, Maciej}
}

@inproceedings{carpineto2010optimal,
  title={Optimal meta search results clustering},
  author={Carpineto, Claudio and Romano, Giovanni},
  booktitle={Proceedings of the 33rd international ACM SIGIR conference on Research and development in information retrieval},
  pages={170--177},
  year={2010},
  organization={ACM}
}

@article{di2013clustering,
  title={Clustering and diversifying web search results with graph-based word sense induction},
  author={Di Marco, Antonio and Navigli, Roberto},
  journal={Computational Linguistics},
  volume={39},
  number={3},
  pages={709--754},
  year={2013},
  publisher={MIT Press}
}

@inproceedings{moreno2015adapted,
  title={Adapted B-CUBED Metrics to Unbalanced Datasets},
  author={Moreno, Jose G and Dias, Ga{\"e}l},
  booktitle={Proceedings of the 38th International ACM SIGIR Conference on Research and Development in Information Retrieval},
  pages={911--914},
  year={2015},
  organization={ACM}
}


@inproceedings{wahid2015multi,
  title={Multi-objective clustering ensemble for high-dimensional data based on Strength Pareto Evolutionary Algorithm (SPEA-II)},
  author={Wahid, Abdul and Gao, Xiaoying and Andreae, Peter},
  booktitle={Data Science and Advanced Analytics (DSAA), 2015. 36678 2015. IEEE International Conference on},
  pages={1--9},
  year={2015},
  organization={IEEE}
}

@inproceedings{crabtree2005improving,
  title={Improving web clustering by cluster selection},
  author={Crabtree, Daniel and Gao, Xiaoying and Andreae, Peter},
  booktitle={Proceedings of the 2005 IEEE/WIC/ACM International Conference on Web Intelligence},
  pages={172--178},
  year={2005},
  organization={IEEE Computer Society}
}

@article{gabrilovich2009wikipedia,
  title={Wikipedia-based semantic interpretation for natural language processing},
  author={Gabrilovich, Evgeniy and Markovitch, Shaul},
  journal={Journal of Artificial Intelligence Research},
  volume={34},
  pages={443--498},
  year={2009}
}

@article{salton1975vector,
  title={A vector space model for automatic indexing},
  author={Salton, Gerard and Wong, Anita and Yang, Chung-Shu},
  journal={Communications of the ACM},
  volume={18},
  number={11},
  pages={613--620},
  year={1975},
  publisher={ACM}
}

@article{mahdavi2009harmony,
  title={Harmony K-means algorithm for document clustering},
  author={Mahdavi, Mehrdad and Abolhassani, Hassan},
  journal={Data Mining and Knowledge Discovery},
  volume={18},
  number={3},
  pages={370--391},
  year={2009},
  publisher={Springer}
}

@inproceedings{cutting1992scatter,
  title={Scatter/gather: A cluster-based approach to browsing large document collections},
  author={Cutting, Douglass R and Karger, David R and Pedersen, Jan O and Tukey, John W},
  booktitle={Proceedings of the 15th annual international ACM SIGIR conference on Research and development in information retrieval},
  pages={318--329},
  year={1992},
  organization={ACM}
}

@inproceedings{carmel2009enhancing,
  title={Enhancing cluster labeling using wikipedia},
  author={Carmel, David and Roitman, Haggai and Zwerdling, Naama},
  booktitle={Proceedings of the 32nd international ACM SIGIR conference on Research and development in information retrieval},
  pages={139--146},
  year={2009},
  organization={ACM}
}

@book{jain1988algorithms,
  title={Algorithms for clustering data},
  author={Jain, Anil K and Dubes, Richard C},
  year={1988},
  publisher={Prentice-Hall, Inc.}
}

@article{jain1999data,
  title={Data clustering: a review},
  author={Jain, Anil K and Murty, M Narasimha and Flynn, Patrick J},
  journal={ACM computing surveys (CSUR)},
  volume={31},
  number={3},
  pages={264--323},
  year={1999},
  publisher={Acm}
}

@article{li2008text,
  title={Text document clustering based on frequent word meaning sequences},
  author={Li, Yanjun and Chung, Soon M and Holt, John D},
  journal={Data \& Knowledge Engineering},
  volume={64},
  number={1},
  pages={381--404},
  year={2008},
  publisher={Elsevier}
}

@article{carpineto2009survey,
  title={A survey of web clustering engines},
  author={Carpineto, Claudio and Osi{\'n}ski, Stanislaw and Romano, Giovanni and Weiss, Dawid},
  journal={ACM Computing Surveys (CSUR)},
  volume={41},
  number={3},
  pages={17},
  year={2009},
  publisher={ACM}
}

@inproceedings{carvalho2014easyesa,
  title={Easyesa: A low-effort infrastructure for explicit semantic analysis},
  author={Carvalho, Danilo and {\c{C}}alli, {\c{C}}a«ßatay and Freitas, Andr{\'e} and Curry, Edward},
  booktitle={Proceedings of the 2014 International Conference on Posters \& Demonstrations Track-Volume 1272},
  pages={177--180},
  year={2014},
  organization={CEUR-WS. org}
}

@inproceedings{witten2008effective,
  title={An effective, low-cost measure of semantic relatedness obtained from Wikipedia links},
  author={Witten, Ian and Milne, David},
  booktitle={Proceeding of AAAI Workshop on Wikipedia and Artificial Intelligence: an Evolving Synergy, AAAI Press, Chicago, USA},
  pages={25--30},
  year={2008}
}

@article{porter1980algorithm,
  title={An algorithm for suffix stripping},
  author={Porter, Martin F},
  journal={Program},
  volume={14},
  number={3},
  pages={130--137},
  year={1980},
  publisher={MCB UP Ltd}
}

@inproceedings{rehurek_lrec,
      title = {Software Framework for Topic Modelling with Large Corpora},
      author = {Radim {\v R}eh{\r u}{\v r}ek and Petr Sojka},
      booktitle = {{Proceedings of the LREC 2010 Workshop on New
           Challenges for NLP Frameworks}},
      pages = {45--50},
      year = 2010,
      month = May,
      day = 22,
      publisher = {ELRA},
      address = {Valletta, Malta},
      note={\url{http://is.muni.cz/publication/884893/en}},
      language={English}
}

@inproceedings{carvalho2014easyesa,
  title={Easyesa: A low-effort infrastructure for explicit semantic analysis},
  author={Carvalho, Danilo and {\c{C}}alli, {\c{C}}a«ßatay and Freitas, Andr{\'e} and Curry, Edward},
  booktitle={Proceedings of the 2014 International Conference on Posters \& Demonstrations Track-Volume 1272},
  pages={177--180},
  year={2014},
  organization={CEUR-WS. org}
}

@inproceedings{bernardini2009full,
  title={Full-subtopic retrieval with keyphrase-based search results clustering},
  author={Bernardini, Andrea and Carpineto, Claudio and D'Amico, Massimiliano},
  booktitle={Web Intelligence and Intelligent Agent Technologies, 2009. WI-IAT'09. IEEE/WIC/ACM International Joint Conferences on},
  volume={1},
  pages={206--213},
  year={2009},
  organization={IET}
}

@article{kozlowskiweb,
  title={Web Search Result Clustering with BabelNet},
  author={Kozlowski, Marek and Kazula, Maciej}
}

@article{navigli2012babelnet,
  title={BabelNet: The automatic construction, evaluation and application of a wide-coverage multilingual semantic network},
  author={Navigli, Roberto and Ponzetto, Simone Paolo},
  journal={Artificial Intelligence},
  volume={193},
  pages={217--250},
  year={2012},
  publisher={Elsevier}
}

@inproceedings{ChengRo13,
    author = {X. Cheng and D. Roth},
    title = {Relational Inference for Wikification},
    booktitle = {EMNLP},
    year = {2013},
    url = "http://cogcomp.cs.illinois.edu/papers/ChengRo13.pdf",
    funding = {DEFT,ARL,MIAS},
}

@inproceedings{RRDA11,
    author = {L. Ratinov and D. Roth and D. Downey and M. Anderson},
    title = {Local and Global Algorithms for Disambiguation to Wikipedia},
    booktitle = {ACL},
    year = {2011},
    url = "http://cogcomp.cs.illinois.edu/papers/RRDA11.pdf",
}

@article{lewis2004rcv1,
  title={Rcv1: A new benchmark collection for text categorization research},
  author={Lewis, David D and Yang, Yiming and Rose, Tony G and Li, Fan},
  journal={Journal of machine learning research},
  volume={5},
  number={Apr},
  pages={361--397},
  year={2004}
}

@inproceedings{carpineto2010new,
  title={New Research Directions in Search Results Clustering.},
  author={Carpineto, Claudio and Bernardini, Andrea and D'Amico, Massimiliano and Romano, Giovanni},
  booktitle={IIR},
  pages={17--18},
  year={2010}
}

@inproceedings{navigli2010inducing,
  title={Inducing word senses to improve web search result clustering},
  author={Navigli, Roberto and Crisafulli, Giuseppe},
  booktitle={Proceedings of the 2010 conference on empirical methods in natural language processing},
  pages={116--126},
  year={2010},
  organization={Association for Computational Linguistics}
}

@inproceedings{broder2002taxonomy,
  title={A taxonomy of web search},
  author={Broder, Andrei},
  booktitle={ACM Sigir forum},
  volume={36},
  number={2},
  pages={3--10},
  year={2002},
  organization={ACM}
}

@inproceedings{jansen2007determining,
  title={Determining the user intent of web search engine queries},
  author={Jansen, Bernard J and Booth, Danielle L and Spink, Amanda},
  booktitle={Proceedings of the 16th international conference on World Wide Web},
  pages={1149--1150},
  year={2007},
  organization={ACM}
}

@inproceedings{weiss2002introduction,
  title={Introduction to search results clustering},
  author={Weiss, Dawid},
  booktitle={Proceedings of the 6th International Conference on Soft Computing and Distributed Processing, Rzesz{\'o}w},
  year={2002}
}

@article{kozlowskiweb,
  title={Web Search Result Clustering with BabelNet},
  author={Kozlowski, Marek and Kazula, Maciej}
}

@article{mikolov2013efficient,
  title={Efficient estimation of word representations in vector space},
  author={Mikolov, Tomas and Chen, Kai and Corrado, Greg and Dean, Jeffrey},
  journal={arXiv preprint arXiv:1301.3781},
  year={2013}
}

@article{mikolov2013exploiting,
  title={Exploiting similarities among languages for machine translation},
  author={Mikolov, Tomas and Le, Quoc V and Sutskever, Ilya},
  journal={arXiv preprint arXiv:1309.4168},
  year={2013}
}

@article{wolf2014joint,
  title={Joint word2vec networks for bilingual semantic representations},
  author={Wolf, Lior and Hanani, Yair and Bar, Kfir and Dershowitz, Nachum},
  journal={International Journal of Computational Linguistics and Applications},
  volume={5},
  number={1},
  pages={27--44},
  year={2014}
}

@inproceedings{zou2013bilingual,
  title={Bilingual Word Embeddings for Phrase-Based Machine Translation.},
  author={Zou, Will Y and Socher, Richard and Cer, Daniel M and Manning, Christopher D},
  booktitle={EMNLP},
  pages={1393--1398},
  year={2013}
}

@inproceedings{guthrie2006closer,
  title={A closer look at skip-gram modelling},
  author={Guthrie, David and Allison, Ben and Liu, Wei and Guthrie, Louise and Wilks, Yorick},
  booktitle={Proceedings of the 5th international Conference on Language Resources and Evaluation (LREC-2006)},
  pages={1--4},
  year={2006}
}

@inproceedings{le2014distributed,
  title={Distributed Representations of Sentences and Documents.},
  author={Le, Quoc V and Mikolov, Tomas},
  booktitle={ICML},
  volume={14},
  pages={1188--1196},
  year={2014}
}

@inproceedings{pennington2014glove,
  title={Glove: Global Vectors for Word Representation.},
  author={Pennington, Jeffrey and Socher, Richard and Manning, Christopher D},
  booktitle={EMNLP},
  volume={14},
  pages={1532--43},
  year={2014}
}

@incollection{osinski2004lingo,
  title={Lingo: Search results clustering algorithm based on singular value decomposition},
  author={Osi{\'n}ski, Stanis{\l}aw and Stefanowski, Jerzy and Weiss, Dawid},
  booktitle={Intelligent information processing and web mining},
  pages={359--368},
  year={2004},
  publisher={Springer}
}

@techreport{andrews2007recent,
  title={Recent developments in document clustering},
  author={Andrews, Nicholas O and Fox, Edward A},
  year={2007},
  institution={Technical report, Computer Science, Virginia Tech}
}

@article{strehl2002cluster,
  title={Cluster ensembles---a knowledge reuse framework for combining multiple partitions},
  author={Strehl, Alexander and Ghosh, Joydeep},
  journal={Journal of machine learning research},
  volume={3},
  number={Dec},
  pages={583--617},
  year={2002}
}

@article{vinh2010information,
  title={Information theoretic measures for clusterings comparison: Variants, properties, normalization and correction for chance},
  author={Vinh, Nguyen Xuan and Epps, Julien and Bailey, James},
  journal={Journal of Machine Learning Research},
  volume={11},
  number={Oct},
  pages={2837--2854},
  year={2010}
}

@article{rand1971objective,
  title={Objective criteria for the evaluation of clustering methods},
  author={Rand, William M},
  journal={Journal of the American Statistical association},
  volume={66},
  number={336},
  pages={846--850},
  year={1971},
  publisher={Taylor \& Francis Group}
}

@article{hubert1985comparing,
  title={Comparing partitions},
  author={Hubert, Lawrence and Arabie, Phipps},
  journal={Journal of classification},
  volume={2},
  number={1},
  pages={193--218},
  year={1985},
  publisher={Springer}
}

@inproceedings{acharya2014multi,
  title={Multi-Objective Search Results Clustering},
  author={Acharya, Sudipta and Saha, Sriparna and Moreno, Jos{\'e} and Dias, Ga{\"e}l},
  booktitle={25th International Conference on Computational Linguistics (COLING 2014)},
  pages={99--108},
  year={2014}
}

@article{cilibrasi2007google,
  title={The google similarity distance},
  author={Cilibrasi, Rudi L and Vitanyi, Paul MB},
  journal={IEEE Transactions on knowledge and data engineering},
  volume={19},
  number={3},
  pages={370--383},
  year={2007},
  publisher={IEEE}
}

@inproceedings{milne2008learning,
  title={Learning to link with wikipedia},
  author={Milne, David and Witten, Ian H},
  booktitle={Proceedings of the 17th ACM conference on Information and knowledge management},
  pages={509--518},
  year={2008},
  organization={ACM}
}

@inproceedings{witten2008effective,
  title={An effective, low-cost measure of semantic relatedness obtained from Wikipedia links},
  author={Witten, Ian and Milne, David},
  booktitle={Proceeding of AAAI Workshop on Wikipedia and Artificial Intelligence: an Evolving Synergy, AAAI Press, Chicago, USA},
  pages={25--30},
  year={2008}
}

@article{vinh2010information,
  title={Information theoretic measures for clusterings comparison: Variants, properties, normalization and correction for chance},
  author={Vinh, Nguyen Xuan and Epps, Julien and Bailey, James},
  journal={Journal of Machine Learning Research},
  volume={11},
  number={Oct},
  pages={2837--2854},
  year={2010}
}

@incollection{osinski2004conceptual,
  title={Conceptual clustering using lingo algorithm: Evaluation on open directory project data},
  author={Osi{\'n}ski, Stanislaw and Weiss, Dawid},
  booktitle={Intelligent Information Processing and Web Mining},
  pages={369--377},
  year={2004},
  publisher={Springer}
}

@article{kozlowskiweb,
  title={Web Search Result Clustering with BabelNet},
  author={Kozlowski, Marek and Kazula, Maciej}
}

@article{kozlowski2015law,
  title={E-law Module Supporting Lawyers in the Process of Knowledge Discovery from Legal Documents},
  author={Koz{\l}owski, Marek and Kowalski, Maciej and Kazu{\l}a, Maciej},
  journal={BSNLP 2015},
  pages={46}
}

@inproceedings{worawitphinyo2011improving,
  title={Improving suffix tree clustering with new ranking and similarity measures},
  author={Worawitphinyo, Phiradit and Gao, Xiaoying and Jabeen, Shahida},
  booktitle={International Conference on Advanced Data Mining and Applications},
  pages={55--68},
  year={2011},
  organization={Springer}
}

@article{milne2013open,
  title={An open-source toolkit for mining Wikipedia},
  author={Milne, David and Witten, Ian H},
  journal={Artificial Intelligence},
  volume={194},
  pages={222--239},
  year={2013},
  publisher={Elsevier}
}

@article{nanda2014survey,
  title={A survey on nature inspired metaheuristic algorithms for partitional clustering},
  author={Nanda, Satyasai Jagannath and Panda, Ganapati},
  journal={Swarm and Evolutionary computation},
  volume={16},
  pages={1--18},
  year={2014},
  publisher={Elsevier}
}

@inproceedings{wahid2013exploiting,
  title={Exploiting user queries for search result clustering},
  author={Wahid, Abdul and Gao, Xiaoying and Andreae, Peter},
  booktitle={International Conference on Web Information Systems Engineering},
  pages={111--120},
  year={2013},
  organization={Springer}
}

@inproceedings{wahid2015multi,
  title={Multi-objective multi-view clustering ensemble based on evolutionary approach},
  author={Wahid, Abdul and Gao, Xiaoying and Andreae, Peter},
  booktitle={2015 IEEE Congress on Evolutionary Computation (CEC)},
  pages={1696--1703},
  year={2015},
  organization={IEEE}
}

@article{dutta2014simultaneous,
  title={Simultaneous feature selection and clustering with mixed features by multi objective genetic algorithm},
  author={Dutta, Dipankar and Dutta, Paramartha and Sil, Jaya},
  journal={International Journal of Hybrid Intelligent Systems},
  volume={11},
  number={1},
  pages={41--54},
  year={2014},
  publisher={IOS Press}
}

@article{vega2011survey,
  title={A survey of clustering ensemble algorithms},
  author={Vega-Pons, Sandro and Ruiz-Shulcloper, Jos{\'e}},
  journal={International Journal of Pattern Recognition and Artificial Intelligence},
  volume={25},
  number={03},
  pages={337--372},
  year={2011},
  publisher={World Scientific}
}

@inproceedings{handl2013evidence,
  title={Evidence accumulation in multiobjective data clustering},
  author={Handl, Julia and Knowles, Joshua},
  booktitle={International Conference on Evolutionary Multi-Criterion Optimization},
  pages={543--557},
  year={2013},
  organization={Springer}
}


@article{strehl2002cluster,
  title={Cluster ensembles---a knowledge reuse framework for combining multiple partitions},
  author={Strehl, Alexander and Ghosh, Joydeep},
  journal={Journal of machine learning research},
  volume={3},
  number={Dec},
  pages={583--617},
  year={2002}
}

@inproceedings{geraci2006scalable,
  title={A scalable algorithm for high-quality clustering of web snippets},
  author={Geraci, Filippo and Pellegrini, Marco and Pisati, Paolo and Sebastiani, Fabrizio},
  booktitle={Proceedings of the 2006 ACM symposium on Applied computing},
  pages={1058--1062},
  year={2006},
  organization={ACM}
}

@inproceedings{wahid2013exploiting,
  title={Exploiting user queries for search result clustering},
  author={Wahid, Abdul and Gao, Xiaoying and Andreae, Peter},
  booktitle={International Conference on Web Information Systems Engineering},
  pages={111--120},
  year={2013},
  organization={Springer}
}

@inproceedings{banerjee2007clustering,
  title={Clustering short texts using wikipedia},
  author={Banerjee, Somnath and Ramanathan, Krishnan and Gupta, Ajay},
  booktitle={Proceedings of the 30th annual international ACM SIGIR conference on Research and development in information retrieval},
  pages={787--788},
  year={2007},
  organization={ACM}
}

@incollection{osinski2004lingo,
  title={Lingo: Search results clustering algorithm based on singular value decomposition},
  author={Osi{\'n}ski, Stanis{\l}aw and Stefanowski, Jerzy and Weiss, Dawid},
  booktitle={Intelligent information processing and web mining},
  pages={359--368},
  year={2004},
  publisher={Springer}
}

@article{carpineto2004exploiting,
  title={Exploiting the Potential of Concept Lattices for Information Retrieval with CREDO.},
  author={Carpineto, Claudio and Romano, Giovanni and Bordoni, Fondazione Ugo},
  journal={J. UCS},
  volume={10},
  number={8},
  pages={985--1013},
  year={2004}
}

@inproceedings{bernardini2009full,
  title={Full-subtopic retrieval with keyphrase-based search results clustering},
  author={Bernardini, Andrea and Carpineto, Claudio and D'Amico, Massimiliano},
  booktitle={Web Intelligence and Intelligent Agent Technologies, 2009. WI-IAT'09. IEEE/WIC/ACM International Joint Conferences on},
  volume={1},
  pages={206--213},
  year={2009},
  organization={IET}
}

@inproceedings{zamir1998web,
  title={Web document clustering: A feasibility demonstration},
  author={Zamir, Oren and Etzioni, Oren},
  booktitle={Proceedings of the 21st annual international ACM SIGIR conference on Research and development in information retrieval},
  pages={46--54},
  year={1998},
  organization={ACM}
}

@article{ferragina2008personalized,
  title={A personalized search engine based on Web-snippet hierarchical clustering},
  author={Ferragina, Paolo and Gulli, Antonio},
  journal={Software: Practice and Experience},
  volume={38},
  number={2},
  pages={189--225},
  year={2008},
  publisher={Wiley Online Library}
}

@inproceedings{gabrilovich2005feature,
  title={Feature generation for text categorization using world knowledge},
  author={Gabrilovich, Evgeniy and Markovitch, Shaul},
  booktitle={IJCAI},
  volume={5},
  pages={1048--1053},
  year={2005}
}

@inproceedings{hu2008enhancing,
  title={Enhancing text clustering by leveraging Wikipedia semantics},
  author={Hu, Jian and Fang, Lujun and Cao, Yang and Zeng, Hua-Jun and Li, Hua and Yang, Qiang and Chen, Zheng},
  booktitle={Proceedings of the 31st annual international ACM SIGIR conference on Research and development in information retrieval},
  pages={179--186},
  year={2008},
  organization={ACM}
}

@article{di2013clustering,
  title={Clustering and diversifying web search results with graph-based word sense induction},
  author={Di Marco, Antonio and Navigli, Roberto},
  journal={Computational Linguistics},
  volume={39},
  number={3},
  pages={709--754},
  year={2013},
  publisher={MIT Press}
}

@article{rousseeuw1987silhouettes,
  title={Silhouettes: a graphical aid to the interpretation and validation of cluster analysis},
  author={Rousseeuw, Peter J},
  journal={Journal of computational and applied mathematics},
  volume={20},
  pages={53--65},
  year={1987},
  publisher={Elsevier}
}

@article{dunn1973fuzzy,
  title={A fuzzy relative of the ISODATA process and its use in detecting compact well-separated clusters},
  author={Dunn, Joseph C},
  year={1973},
  publisher={Taylor \& Francis}
}

@article{davies1979cluster,
  title={A cluster separation measure},
  author={Davies, David L and Bouldin, Donald W},
  journal={IEEE transactions on pattern analysis and machine intelligence},
  number={2},
  pages={224--227},
  year={1979},
  publisher={IEEE}
}